%% This BibTeX bibliography file was created using BibDesk.
%% http://bibdesk.sourceforge.net/


%% Created for Mak at 2011-07-01 23:12:31 +0200 


%% Saved with string encoding Unicode (UTF-8) 



@electronic{androidnetwork,
	Author = {Android Open Source Project},
	Language = {en},
	Title = {Connecting to a Network},
	Url = {http://developer.android.com/training/basics/network-ops/connecting.html},
	Urlaccessdate = {2015.05.20},
	Bdsk-Url-1 = {http://developer.android.com/training/basics/network-ops/connecting.html}
}

@electronic{loopj,
	Author = {Smith, James},
	Language = {en},
	Title = {Android Asynchronous Http Client},
	Url = {http://loopj.com/android-async-http},
	Urlaccessdate = {2015.05.20},
	Bdsk-Url-1 = {http://loopj.com/android-async-http}
}

@electronic{androidlocation,
	Author = {Android Open Source Project},
	Language = {en},
	Title = {Location Strategies},
	Url = {http://developer.android.com/guide/topics/location/strategies.html},
	Urlaccessdate = {2015.05.20},
	Bdsk-Url-1 = {http://developer.android.com/guide/topics/location/strategies.html}
}

@electronic{gladstone,
	Author = {Philip Gladstone},
	Year = {2006},
	Language = {en},
	Title = {Discussion of Vertical GPS Accuracy},
	Url = {http://weather.gladstonefamily.net/gps_elevation.html},
	Urlaccessdate = {2015.05.20},
	Bdsk-Url-1 = {http://weather.gladstonefamily.net/gps_elevation.html}
}
